<?xml version="1.0" encoding="UTF-8"?><collection xmlns="http://www.loc.gov/MARC21/slim"><record><leader>00426nam--2200169-i-4500</leader><controlfield tag="001">000046984</controlfield><controlfield tag="002">20161230</controlfield><controlfield tag="005">20161230201046</controlfield><controlfield tag="008">060222s1000------------r-----000-0-eng-d</controlfield><datafield ind1=" " ind2=" " tag="040"><subfield code="a">IFIN-HH</subfield></datafield><datafield ind1=" " ind2=" " tag="080"><subfield code="a">539.14(083.3)</subfield></datafield><datafield ind1="1" ind2=" " tag="100"><subfield code="a">Way,K</subfield></datafield><datafield ind1="1" ind2="0" tag="245"><subfield code="a">1959 nuclear data tables</subfield><subfield code="c">K. way</subfield></datafield><datafield ind1=" " ind2=" " tag="260"><subfield code="a">Washington</subfield><subfield code="b">U.S.Atomic Energy Commission</subfield><subfield code="c">1959</subfield></datafield><datafield ind1=" " ind2=" " tag="300"><subfield code="a">151P</subfield></datafield><datafield ind1=" " ind2=" " tag="852"><subfield code="a">15941</subfield><subfield code="c">53.081</subfield></datafield><datafield ind1=" " ind2=" " tag="CAT"><subfield code="a">Sys</subfield><subfield code="c">20151117</subfield><subfield code="h">140734</subfield></datafield></record></collection>